@book{book:leanstartup,
    title  = {{The Lean Startup: How Today's Entrepreneurs Use Continuous 
Innovation to Create Radically Successful Businesses}},
    author = {Eric Ries},
    year   = {2011}
}

@book{book:scrum,
    title  = {{Métodos Ágiles y Scrum}},
    author = {de Alonso Álvarez García, Rafael de las Heras del Dedo, Carmen 
Lasa Gómez},
    year   = {2012}
}

@book{book:agile,
    title  = {{Learning Agile: Understanding Scrum, XP, Lean, and Kanban}},
    author = {Andrew Stellman, Jennifer Greene},
    year   = {2013}
}

@book{book:hybridapps,
    title  = {{Beginning Hybrid Mobile Application Development}},
    author = {Mahesh Panhale},
    year   = {2016}
}

@book{book:flux,
    title  = {{Flux Architecture}},
    author = {Adam Boduch},
    year   = {2016}
}

@book{book:nosql,
    title  = {{Professional NoSQL}},
    author = {Shashank Tiwari},
    year   = {2011}
}

@book{book:patterns,
    title  = {{Design patterns: elements of reusable object-oriented software}},
    author = {Erich Gamma, Richard Helm, Ralph Johnson, and John Vlissides},
    year   = {1995}
}

@book{book:cleancode,
    title  = {{Clean Code: A Handbook of Agile Software Craftsmanship}},
    author = {Robert C. Martin},
    year   = {2008}
}

@book{book:cucumber,
    title  = {{The Cucumber Book: Behaviour-Driven Development for Testers and 
Developers}},
    author = {Matt Wynne, Aslak Hellesoy},
    year   = {2012}
}
